@online{linreg,
  author    = {Рудзейт О.Ю. Зайнетдинов А.Р. Недяк А.В. Рагулин П.Г.},
  title     = {Прогнозирование цены акции с помощью метода регрессионного анализа},
  url       = {https://resources.today/PDF/14INOR420.pdf?ysclid=matxapmoky444560454},
  addendum  = {(дата обращения: 18.05.2025)}
}
@online{modernml,
  author    = {Шамраева В.В.},
  title     = {МАТЕМАТИЧЕСКИЕ МЕТОДЫ ПРОГНОЗИРОВАНИЯ ИЗМЕНЕНИЯ ЦЕНЫ АКЦИЙ И ИХ РЕАЛИЗАЦИЯ МЕТОДАМИ МАШИННОГО ОБУЧЕНИЯ},
  url       = {https://s.fundamental-research.ru/pdf/2024/11/43718.pdf},
  addendum  = {(дата обращения: 18.05.2025)}
}
@online{interfax,
  author    = {Interfax},
  title     = {Число физлиц с брокерскими счетами на МосБирже в 2024 году выросло на 5,4 млн},
  url       = {https://www.interfax.ru/business/1003027?ysclid=mau9sga6le282523374},
  addendum  = {(дата обращения: 18.05.2025)}
}
@online{brazilnews,
  author    = {Juvenal José Duarte1 Sahudy Montenegro González1 José César Cruz Jr},
  title     = {Predicting Stock Price Falls Using News Data: Evidence from the Brazilian Market},
  url       = {https://www.sci-hub.ru/10.1007/s10614-020-10060-y?ysclid=mav835u6bv826669042},
  addendum  = {(дата обращения: 18.05.2025)}
}
@online{secids,
  author    = {Fin-Plan},
  title     = {Список акций Мосбиржи},
  url       = {https://fin-plan.org/stocks/rus},
  addendum  = {(дата обращения: 18.05.2025)}
}
@online{kaggle,
  author    = {Kaggle},
  title     = {Kaggle},
  url       = {https://www.kaggle.com/},
  addendum  = {(дата обращения: 18.05.2025)}
}
@online{rbc,
  author    = {РБК},
  title     = {Новости РБК},
  url       = {https://www.rbc.ru/},
  addendum  = {(дата обращения: 18.05.2025)}
}
@online{bcs,
  author    = {БКС},
  title     = {Новости БКС},
  url       = {https://bcs-express.ru/category},
  addendum  = {(дата обращения: 18.05.2025)}
}
@online{smartlab,
  author    = {SMART-LAB},
  title     = {Новости SMART-LAB},
  url       = {https://smart-lab.ru/news/},
  addendum  = {(дата обращения: 18.05.2025)}
}
@online{moex,
  author    = {MOEX},
  title     = {Новости Московской биржи},
  url       = {https://www.moex.com/ru/news/},
  addendum  = {(дата обращения: 18.05.2025)}
}
@online{ria,
  author    = {РИА},
  title     = {Новости РИА},
  url       = {https://ria.ru/},
  addendum  = {(дата обращения: 18.05.2025)}
}
@online{finam,
  author    = {Finam},
  title     = {Новости Finam},
  url       = {https://www.finam.ru/},
  addendum  = {(дата обращения: 18.05.2025)}
}
@online{investing,
  author    = {Investiong},
  title     = {Новости Investing.com},
  url       = {https://ru.investing.com/},
  addendum  = {(дата обращения: 18.05.2025)}
}
@online{rialinks,
  author    = {РИА},
  title     = {Ссылки на новости},
  url       = {https://ria.ru/20250518/},
  addendum  = {(дата обращения: 18.05.2025)}
}
@online{sambanova,
  author    = {SambaNova},
  title     = {LLM для оценки новостей},
  url       = {https://cloud.sambanova.ai/dashboard},
  addendum  = {(дата обращения: 18.05.2025)}
}
